<?xml version="1.0" encoding="UTF-8"?><record xmlns="http://www.loc.gov/MARC21/slim" xmlns:cinclude="http://apache.org/cocoon/include/1.0" xmlns:zs="http://www.loc.gov/zing/srw/">
  <leader>00357cz  a2200133n  4500</leader>
  <controlfield tag="001">no2010180751</controlfield>
  <controlfield tag="003">DLC</controlfield>
  <controlfield tag="005">20101123084943.0</controlfield>
  <controlfield tag="008">101105n| acannaabn          |n aaa     c</controlfield>
  <datafield tag="010" ind1=" " ind2=" ">
    <subfield code="a">no2010180751</subfield>
  </datafield>
  <datafield tag="035" ind1=" " ind2=" ">
    <subfield code="a">(OCoLC)oca08680522</subfield>
  </datafield>
  <datafield tag="040" ind1=" " ind2=" ">
    <subfield code="a">MH-P</subfield>
    <subfield code="b">eng</subfield>
    <subfield code="c">MH-P</subfield>
    <subfield code="d">DLC</subfield>
  </datafield>
  <datafield tag="100" ind1="1" ind2=" ">
    <subfield code="a">LoĚpez y Fuentes, Gregorio,</subfield>
    <subfield code="d">1897-1966.</subfield>
    <subfield code="t">Indio.</subfield>
    <subfield code="l">English</subfield>
  </datafield>
  <datafield tag="670" ind1=" " ind2=" ">
    <subfield code="a">El indio, c1937.</subfield>
  </datafield>
</record>